<?xml version = "1.0" encoding = "UTF-8"?><OAI-PMH xmlns="http://www.openarchives.org/OAI/2.0/" xmlns:xsi="http://www.w3.org/2001/XMLSchema-instance" xsi:schemaLocation="http://www.openarchives.org/OAI/2.0/ http://www.openarchives.org/OAI/2.0/OAI-PMH.xsd"><ListRecords><record><header><identifier>aleph-publish:019349055</identifier></header><metadata><record xmlns="http://www.ddb.de/professionell/mabxml/mabxml-1.xsd"><leader>------M2.01200024------h</leader><controlfield tag="LDR">------M2.01200024------h</controlfield><controlfield tag="FMT">MH</controlfield><datafield tag="001" ind1="-" ind2="1"><subfield code="a">HT017437638</subfield></datafield><datafield tag="002" ind1="a" ind2="1"><subfield code="a">20121030</subfield></datafield><datafield tag="003" ind1="-" ind2="1"><subfield code="a">20210409083426.0</subfield></datafield><datafield tag="020" ind1="-" ind2="1"><subfield code="a">HT017437638</subfield><subfield code="b">Beck</subfield></datafield><datafield tag="025" ind1="o" ind2="1"><subfield code="a">961419618</subfield></datafield><datafield tag="026" ind1="-" ind2="1"><subfield code="a">HBZHT017437638</subfield></datafield><controlfield tag="030">a|1uc||||||17</controlfield><datafield tag="036" ind1="a" ind2="1"><subfield code="a">DE</subfield></datafield><datafield tag="037" ind1="b" ind2="1"><subfield code="a">ger</subfield></datafield><controlfield tag="050">||||||||g|||||</controlfield><controlfield tag="051">m|||||||</controlfield><datafield tag="064" ind1="a" ind2="1"><subfield code="a">Kommentar</subfield><subfield code="9">(DE-588)4136710-8</subfield></datafield><datafield tag="070" ind1="-" ind2="1"><subfield code="a">HBZ/Red</subfield></datafield><datafield tag="078" ind1="e" ind2="1"><subfield code="a">ZDB-18-BOH</subfield></datafield><datafield tag="080" ind1="-" ind2="1"><subfield code="a">60</subfield></datafield><datafield tag="100" ind1="-" ind2="1"><subfield code="p">Pewestorf, Adrian</subfield><subfield code="d">1980-</subfield><subfield code="9">(DE-588)1028042027</subfield></datafield><datafield tag="331" ind1="-" ind2="1"><subfield code="a">Kurzarbeitergeld-BefristungsVO</subfield></datafield><datafield tag="334" ind1="-" ind2="1"><subfield code="a">Elektronische Ressource</subfield></datafield><datafield tag="359" ind1="-" ind2="1"><subfield code="a">Adrian Pewestorf</subfield></datafield><datafield tag="370" ind1="a" ind2="1"><subfield code="a">KAGBefrVO</subfield></datafield><datafield tag="403" ind1="-" ind2="1"><subfield code="a">1. Aufl.</subfield></datafield><datafield tag="410" ind1="-" ind2="1"><subfield code="a">[Baden-Baden]</subfield></datafield><datafield tag="412" ind1="-" ind2="1"><subfield code="a">Nomos</subfield></datafield><datafield tag="425" ind1="a" ind2="1"><subfield code="a">2012</subfield></datafield><datafield tag="451" ind1="-" ind2="1"><subfield code="a">NomosKommentar</subfield></datafield><datafield tag="461" ind1="-" ind2="1"><subfield code="a">Beck-online</subfield></datafield><datafield tag="505" ind1="-" ind2="1"><subfield code="p">Nebent.</subfield><subfield code="a">KAGBefrVO</subfield></datafield><datafield tag="537" ind1="-" ind2="1"><subfield code="a">Gesehen am 30.10.2012</subfield></datafield><datafield tag="652" ind1="a" ind2="1"><subfield code="a">Online-Ressource</subfield></datafield><datafield tag="655" ind1="e" ind2="1"><subfield code="u">http://beck-online.beck.de/Default.aspx?vpath=bibdata\komm\pewkokagbefrvo_1\cont\pewkokagbefrvo.htm&amp;pos=0&amp;hlwords=pewestorf%C3%90adrian%C3%90+adrian+%C3%90+pewestorf+#xhlhit</subfield></datafield><datafield tag="700" ind1="h" ind2="1"><subfield code="a">QUY</subfield><subfield code="a">QTG</subfield></datafield><datafield tag="902" ind1="-" ind2="1"><subfield code="s">Online-Ressource</subfield><subfield code="9">(DE-588)4511937-5</subfield></datafield><controlfield tag="SYS">019349055</controlfield><datafield tag="LOW" ind1="-" ind2="1"><subfield code="a">A0001</subfield></datafield><datafield tag="LOW" ind1="-" ind2="1"><subfield code="a">A5001</subfield></datafield><datafield tag="LOW" ind1="-" ind2="1"><subfield code="a">B0001</subfield></datafield><datafield tag="LOW" ind1="-" ind2="1"><subfield code="a">B5001</subfield></datafield><datafield tag="LOW" ind1="-" ind2="1"><subfield code="a">C0001</subfield></datafield><datafield tag="LOW" ind1="-" ind2="1"><subfield code="a">C5001</subfield></datafield><datafield tag="LOW" ind1="-" ind2="1"><subfield code="a">F5001</subfield></datafield><datafield tag="LOW" ind1="-" ind2="1"><subfield code="a">F5002</subfield></datafield><datafield tag="LOW" ind1="-" ind2="1"><subfield code="a">F5010</subfield></datafield><datafield tag="LOW" ind1="-" ind2="1"><subfield code="a">F5011</subfield></datafield><datafield tag="LOW" ind1="-" ind2="1"><subfield code="a">G5001</subfield></datafield><datafield tag="LOW" ind1="-" ind2="1"><subfield code="a">J5001</subfield></datafield><datafield tag="LOW" ind1="-" ind2="1"><subfield code="a">K0001</subfield></datafield><datafield tag="LOW" ind1="-" ind2="1"><subfield code="a">K5001</subfield></datafield><datafield tag="LOW" ind1="-" ind2="1"><subfield code="a">M0001</subfield></datafield><datafield tag="LOW" ind1="-" ind2="1"><subfield code="a">M5001</subfield></datafield><datafield tag="LOW" ind1="-" ind2="1"><subfield code="a">N5001</subfield></datafield><datafield tag="LOW" ind1="-" ind2="1"><subfield code="a">Q0001</subfield></datafield><datafield tag="LOW" ind1="-" ind2="1"><subfield code="a">R0001</subfield></datafield><datafield tag="LOW" ind1="-" ind2="1"><subfield code="a">R1007</subfield></datafield><datafield tag="LOW" ind1="-" ind2="1"><subfield code="a">R2001</subfield></datafield><datafield tag="LOW" ind1="-" ind2="1"><subfield code="a">U0001</subfield></datafield><datafield tag="LOW" ind1="-" ind2="1"><subfield code="a">U5001</subfield></datafield><datafield tag="LOW" ind1="-" ind2="1"><subfield code="a">X5001</subfield></datafield><datafield tag="LAL" ind1="-" ind2="1"><subfield code="a">DUE</subfield><subfield code="b">X0001</subfield></datafield><datafield tag="LAL" ind1="-" ind2="1"><subfield code="a">EDU</subfield><subfield code="b">D0001</subfield><subfield code="b">E0001</subfield></datafield><datafield tag="LAL" ind1="-" ind2="1"><subfield code="a">FUH</subfield><subfield code="b">F0001</subfield><subfield code="b">I500E</subfield></datafield><datafield tag="LAL" ind1="-" ind2="1"><subfield code="a">KHTIT</subfield><subfield code="b">Z9039</subfield></datafield><datafield tag="LAL" ind1="-" ind2="1"><subfield code="a">KLU</subfield><subfield code="b">R3001</subfield></datafield><datafield tag="LAL" ind1="-" ind2="1"><subfield code="a">LUTIT</subfield><subfield code="b">R5001</subfield></datafield><datafield tag="LAL" ind1="-" ind2="1"><subfield code="a">PAD</subfield><subfield code="b">P0001</subfield></datafield><datafield tag="LAL" ind1="-" ind2="1"><subfield code="a">SIE</subfield><subfield code="b">S0001</subfield></datafield><datafield tag="LAL" ind1="-" ind2="1"><subfield code="a">TRI</subfield><subfield code="b">T0011</subfield></datafield><datafield tag="LAL" ind1="-" ind2="1"><subfield code="a">WBTIT</subfield><subfield code="b">R5004</subfield></datafield><datafield tag="LAL" ind1="-" ind2="1"><subfield code="a">WUP</subfield><subfield code="b">W0001</subfield></datafield><datafield tag="952" ind1="-" ind2="1"><subfield code="s">Netzpublikation</subfield></datafield><datafield tag="952" ind1="-" ind2="1"><subfield code="s">Online-Publikation</subfield></datafield><datafield tag="952" ind1="-" ind2="1"><subfield code="s">Computerdatei im Fernzugriff</subfield><subfield code="h">Formschlagwort</subfield></datafield><datafield tag="952" ind1="-" ind2="1"><subfield code="s">Online-Dokument</subfield></datafield><datafield tag="952" ind1="-" ind2="1"><subfield code="s">On-line-Dokument</subfield></datafield><datafield tag="952" ind1="-" ind2="1"><subfield code="s">On-line-Publikation</subfield></datafield><datafield tag="088" ind1=" " ind2=" "><subfield code="a">836</subfield></datafield><datafield tag="088" ind1=" " ind2=" "><subfield code="a">1393</subfield></datafield><datafield tag="088" ind1=" " ind2=" "><subfield code="a">1393/BOT</subfield></datafield><datafield tag="088" ind1=" " ind2=" "><subfield code="a">1117</subfield></datafield><datafield tag="088" ind1=" " ind2=" "><subfield code="a">1032</subfield></datafield><datafield tag="088" ind1=" " ind2=" "><subfield code="a">A 96</subfield></datafield><datafield tag="088" ind1=" " ind2=" "><subfield code="a">1383a</subfield></datafield><datafield tag="088" ind1=" " ind2=" "><subfield code="a">466</subfield></datafield><datafield tag="088" ind1=" " ind2=" "><subfield code="a">1383</subfield></datafield><datafield tag="088" ind1=" " ind2=" "><subfield code="a">82</subfield></datafield><datafield tag="088" ind1=" " ind2=" "><subfield code="a">5</subfield></datafield><datafield tag="088" ind1=" " ind2=" "><subfield code="a">1116</subfield></datafield><datafield tag="088" ind1=" " ind2=" "><subfield code="a">1010</subfield></datafield><datafield tag="088" ind1=" " ind2=" "><subfield code="a">708</subfield></datafield><datafield tag="088" ind1=" " ind2=" "><subfield code="a">61</subfield></datafield><datafield tag="088" ind1=" " ind2=" "><subfield code="a">Dü 62</subfield></datafield><datafield tag="088" ind1=" " ind2=" "><subfield code="a">829</subfield></datafield><datafield tag="088" ind1=" " ind2=" "><subfield code="a">Dm 13</subfield></datafield><datafield tag="088" ind1=" " ind2=" "><subfield code="a">832</subfield></datafield><datafield tag="088" ind1=" " ind2=" "><subfield code="a">385</subfield></datafield><datafield tag="088" ind1=" " ind2=" "><subfield code="a">290</subfield></datafield><datafield tag="088" ind1=" " ind2=" "><subfield code="a">386</subfield></datafield><datafield tag="088" ind1=" " ind2=" "><subfield code="a">467</subfield></datafield><datafield tag="088" ind1=" " ind2=" "><subfield code="a">468</subfield></datafield><datafield tag="088" ind1=" " ind2=" "><subfield code="a">Hag 4/E</subfield></datafield><datafield tag="088" ind1=" " ind2=" "><subfield code="a">6</subfield></datafield><datafield tag="088" ind1=" " ind2=" "><subfield code="a">929</subfield></datafield><datafield tag="088" ind1=" " ind2=" "><subfield code="a">38</subfield></datafield><datafield tag="088" ind1=" " ind2=" "><subfield code="a">1044</subfield></datafield><datafield tag="088" ind1=" " ind2=" "><subfield code="a">294</subfield></datafield><datafield tag="088" ind1=" " ind2=" "><subfield code="a">361</subfield></datafield><datafield tag="088" ind1=" " ind2=" "><subfield code="a">Bi 10</subfield></datafield><datafield tag="088" ind1=" " ind2=" "><subfield code="a">987</subfield></datafield><datafield tag="088" ind1=" " ind2=" "><subfield code="a">1105</subfield></datafield><datafield tag="088" ind1=" " ind2=" "><subfield code="a">Bm 40</subfield></datafield><datafield tag="088" ind1=" " ind2=" "><subfield code="a">464</subfield></datafield><datafield tag="088" ind1=" " ind2=" "><subfield code="a">465</subfield></datafield><datafield tag="EB1" ind1=" " ind2="9"><subfield code="a">eb1</subfield><subfield code="2">M5001</subfield></datafield><datafield tag="EB1" ind1=" " ind2="9"><subfield code="a">eb1</subfield><subfield code="2">F5010</subfield></datafield><datafield tag="EB1" ind1=" " ind2="9"><subfield code="a">eb1</subfield><subfield code="2">F5011</subfield></datafield><datafield tag="EB1" ind1=" " ind2="9"><subfield code="a">eb1</subfield><subfield code="2">R5004</subfield></datafield><datafield tag="EB1" ind1=" " ind2="9"><subfield code="a">eb1</subfield><subfield code="2">Z9039</subfield></datafield><datafield tag="EB1" ind1=" " ind2="9"><subfield code="a">eb1</subfield><subfield code="2">A5001</subfield></datafield><datafield tag="EB1" ind1=" " ind2="9"><subfield code="a">eb1</subfield><subfield code="2">F5002</subfield></datafield><datafield tag="EB1" ind1=" " ind2="9"><subfield code="a">eb1</subfield><subfield code="2">P0001</subfield></datafield><datafield tag="EB1" ind1=" " ind2="9"><subfield code="a">eb1</subfield><subfield code="2">F5001</subfield></datafield><datafield tag="EB1" ind1=" " ind2="9"><subfield code="a">eb1</subfield><subfield code="2">A0001</subfield></datafield><datafield tag="EB1" ind1=" " ind2="9"><subfield code="a">eb1</subfield><subfield code="2">Q0001</subfield></datafield><datafield tag="EB1" ind1=" " ind2="9"><subfield code="a">eb1</subfield><subfield code="2">R5001</subfield></datafield><datafield tag="EB1" ind1=" " ind2="9"><subfield code="a">eb1</subfield><subfield code="2">G5001</subfield></datafield><datafield tag="EB1" ind1=" " ind2="9"><subfield code="a">eb1</subfield><subfield code="2">F0001</subfield></datafield><datafield tag="EB1" ind1=" " ind2="9"><subfield code="a">eb1</subfield><subfield code="2">X0001</subfield></datafield><datafield tag="EB1" ind1=" " ind2="9"><subfield code="a">eb1</subfield><subfield code="2">X5001</subfield></datafield><datafield tag="EB1" ind1=" " ind2="9"><subfield code="a">eb1</subfield><subfield code="2">N5001</subfield></datafield><datafield tag="EB1" ind1=" " ind2="9"><subfield code="a">eb1</subfield><subfield code="2">U5001</subfield></datafield><datafield tag="EB1" ind1=" " ind2="9"><subfield code="a">eb1</subfield><subfield code="2">K5001</subfield></datafield><datafield tag="EB1" ind1=" " ind2="9"><subfield code="a">eb1</subfield><subfield code="2">T0011</subfield></datafield><datafield tag="EB1" ind1=" " ind2="9"><subfield code="a">eb1</subfield><subfield code="2">U0001</subfield></datafield><datafield tag="EB1" ind1=" " ind2="9"><subfield code="a">eb1</subfield><subfield code="2">R3001</subfield></datafield><datafield tag="EB1" ind1=" " ind2="9"><subfield code="a">eb1</subfield><subfield code="2">S0001</subfield></datafield><datafield tag="EB1" ind1=" " ind2="9"><subfield code="a">eb1</subfield><subfield code="2">W0001</subfield></datafield><datafield tag="EB1" ind1=" " ind2="9"><subfield code="a">eb1</subfield><subfield code="2">I500E</subfield></datafield><datafield tag="EB1" ind1=" " ind2="9"><subfield code="a">eb1</subfield><subfield code="2">M0001</subfield></datafield><datafield tag="EB1" ind1=" " ind2="9"><subfield code="a">eb1</subfield><subfield code="2">R0001</subfield></datafield><datafield tag="EB1" ind1=" " ind2="9"><subfield code="a">eb1</subfield><subfield code="2">K0001</subfield></datafield><datafield tag="EB1" ind1=" " ind2="9"><subfield code="a">eb1</subfield><subfield code="2">J5001</subfield></datafield><datafield tag="EB1" ind1=" " ind2="9"><subfield code="a">eb1</subfield><subfield code="2">B0001</subfield></datafield><datafield tag="EB1" ind1=" " ind2="9"><subfield code="a">eb1</subfield><subfield code="2">C0001</subfield></datafield><datafield tag="EB1" ind1=" " ind2="9"><subfield code="a">eb1</subfield><subfield code="2">C5001</subfield></datafield><datafield tag="EB1" ind1=" " ind2="9"><subfield code="a">eb1</subfield><subfield code="2">R1007</subfield></datafield><datafield tag="EB1" ind1=" " ind2="9"><subfield code="a">eb1</subfield><subfield code="2">R2001</subfield></datafield><datafield tag="EB1" ind1=" " ind2="9"><subfield code="a">eb1</subfield><subfield code="2">B5001</subfield></datafield><datafield tag="EB1" ind1=" " ind2="9"><subfield code="a">eb1</subfield><subfield code="2">D0001</subfield></datafield><datafield tag="EB1" ind1=" " ind2="9"><subfield code="a">eb1</subfield><subfield code="2">E0001</subfield></datafield></record></metadata></record></ListRecords></OAI-PMH>